<?xml version="1.0" encoding="UTF-8"?><collection xmlns="http://www.loc.gov/MARC21/slim"><record><leader>00437nam--2200145-i-4500</leader><controlfield tag="001">000017133</controlfield><controlfield tag="002">20161230</controlfield><controlfield tag="005">20170305190459</controlfield><controlfield tag="008">060222s1000------------r-----000-0-eng-d</controlfield><datafield ind1=" " ind2=" " tag="100"><subfield code="a">Dafinei, Ioan</subfield></datafield><datafield ind1=" " ind2=" " tag="245"><subfield code="a">Contributii la obtinerea si studiul proprietatilor optico-spectrale ale compusilor oxidici (bi2o3)x:(geo2,sio2)y</subfield><subfield code="b">teza</subfield></datafield><datafield ind1=" " ind2=" " tag="260"><subfield code="a">Bucuresti</subfield><subfield code="b">Iftm</subfield><subfield code="c">1993</subfield></datafield><datafield ind1=" " ind2=" " tag="300"><subfield code="a">191 p</subfield></datafield><datafield ind1=" " ind2=" " tag="852"><subfield code="a">548(043)</subfield></datafield><datafield ind1=" " ind2=" " tag="CAT"><subfield code="a">SYS</subfield><subfield code="c">20170305</subfield><subfield code="h">190459</subfield></datafield></record></collection>